@book{General:Handbook_of_Robotics,
title       = {Handbook of Robotics},
author      = {Bruno Siciliano and Oussama Khatib},
isbn        = {978-3-319-32550-7},
year        = {2016},
pages       = {737-751},
addendum    = {Retrieved: 28-02-2022},
publisher   = {Springer-Verlag}
}

%%%%%%% BEGINNING OF SEARCH AND RESCUE SECTION %%%%%%%%%%%
@article{SearchAndRescue:SAR_with_flying_robots,
title       = {Search and rescue with autonomous flying robots through behavior-based cooperative intelligence},
author      = {Ross D. Arnold and Hiroyuki Yamaguchi and Toshiyuki Tanaka},
publisher   = {SpringerOpen},
year        = {2018},
note        = {\href{https://doi.org/10.1186/s41018-018-0045-4
}{\color{blue}DOI}},
addendum    = {Retrieved: 17-02-2022}
}

@article{SearchAndRescue:largest_tornadoes,
title       = {5 Largest Tornadoes Ever Recorded},
author      = {Jennifer Jones},
publisher   = {largest.org},
year        = {2019},
note        = {\href{https://largest.org/nature/tornadoes/}{\color{blue}DOI}},
addendum    = {Retrieved: 17-02-2022}
}

@misc{SearchAndRescue:Hurricane_speeds,
author          = {},
title           = {},
year            = {},
note            = {\href{https://www.nhc.noaa.gov/aboutsshws.php}{\color{blue}link}},
addendum        = {Retrieved: 08-03-2022}
}

@misc{SearchAndRescue:Tsunami_facts,
author          = {National Tsunami Warning Center},
title           = {Tsunami Frequently Asked Questions},
year            = {2022},
note            = {\href{https://www.tsunami.gov/?page=tsunamiFAQ}{\color{blue}link}},
addendum        = {Retrieved: 08-03-2022}
}

@misc{SearchAndRescue:Thermite_RS1,
author          = {Howe X Howe},
title           = {Thermite, first commercial firefighting robot sold in the U.S.},
year            = {2022},
note            = {\href{https://www.howeandhowe.com/civil/thermite\#related-content}{\color{blue}link}},
addendum        = {Retrieved: 17-02-2022}
}

@misc{SearchAndRescue:SmokeBot,
author          = {SMOKEBOT},
title           = {Mobile Robots with Novel Environmental Sensors for Inspection of Disaster Sites with Low Visibility},
year            = {2015},
note            = {\href{https://www.smokebot.eu/index.html}{\color{blue}link}},
addendum        = {Retrieved: 22-02-2022}
}

@misc{SearchAndRescue:WALKMAN,
author          = {Sam Davis},
title           = {The New WALK-MAN: A Look at IIT’s Multi-Faceted Robotic Endeavor},
year            = {2018},
note            = {\href{https://www.electronicdesign.com/markets/robotics/article/21199514/the-new-walkman-a-look-at-iits-multifaceted-robotic-endeavor}{\color{blue}link}},
addendum        = {Retrieved: 17-02-2022}
}

@misc{SearchAndRescue:WALK-MAN,
author          = {WALK-MAN},
title           = {WALK-MAN: Whole-body Adaptive Locomotion and Manipulation},
year            = {2021},
note            = {\href{https://walk-man.eu/}{\color{blue}link}},
addendum        = {Retrieved: 22-02-2022}
}

@misc{SearchAndRescue:Drone_size,
author          = {Jonathan Feist},
title           = {Small drone or big drone – size matters},
year            = {2021},
note            = {\href{https://dronerush.com/best-mapping-drones-18214/}{\color{blue}link}},
addendum        = {Retrieved: 24-02-2022}
}

%%%%%%%%% END OF SEARCH AND RESCUE SECTION %%%%%%%%%%%%%%%%

%%%%% INTRODUCTION %%%%%%%%%%%

@article{AudioBasedNavigation:SensePlanAct,
title       = {Sense-Plan-Act in Robotic Applications},
author      = {Srivastava, Ankit},
%publisher   = {SpringerOpen},
year        = {2019},
note        = {\href{https://doi.org/10.13140/RG.2.2.21308.36481}{\color{blue}DOI}},
addendum    = {Retrieved: 22-02-2022}
}

@misc{AudioBasedNavigation:AutonomousNavigation,
author          = {MATLAB},
title           = {What Is Autonomous Navigation?},
year            = {2020},
note            = {\href{https://youtu.be/Fw8JQ5Q-ZwU}{\color{blue}link}},
addendum        = {Retrieved: 22-02-2022}
}

%%%%% END OF INTRODUCTION %%%%%%%%


%%%%%%%%%%%%%%%%%%%% BEGINNING OF ACOUSTICS %%%%%%%%%%%%%%%%%%%%%%%%%%%%%%%
@book{Acoustics:Handbook_of_Acoustics,
title       = {Springer Handbook of Acoustics},
editor      = {Thomas D. Rossing},
author      = {Thomas D. Rossing},
isbn        = {978-1-4939-0754-0},
year        = {2014},
addendum    = {Retrieved: 16-02-2022},
publisher   = {Springer}
}

@misc{Acoustics:Definition_of_sound1,
%author          = {},
title           = {Sound Waves and Music - Lesson 1 - The Nature of a Sound Wave},
%year            = {2016},
note            = {\href{https://www.physicsclassroom.com/class/sound/u11l1c.cfm}{\color{blue}link}},
addendum        = {Retrieved: 16-02-2022}
}

@misc{Acoustics:Definition_of_sound2,
%author          = ,
title           = {Physics Tutorial 2: The Physics of Hearing},
%year            = {2004},
note            = {\href{https://www.audioholics.com/room-acoustics/physics-tutorial-2-the-physics-of-hearing}{\color{blue}link}},
addendum        = {Retrieved: 17-02-2022}
}

@misc{Acoustics:Definition_of_sound3,
%author          = {},
title           = {Vibrations and Waves - Lesson 3 - Behavior of Waves},
%year            = {2004},
note            = {\href{https://www.physicsclassroom.com/class/waves/Lesson-3/Reflection,-Refraction,-and-Diffraction}{\color{blue}link}},
addendum        = {Retrieved: 22-02-2022}
}

@book{Acoustics:Neuroscience_Hearing_frequency,
title       = {Neuroscience: Canadian 1st Edition},
author      = {William Ju and Alexandra Santos and Amy Freeman and Emerson Daniele},
isbn        = {xxx-xx-xxxxxx-x-x},
year        = {2018},
addendum    = {Retrieved: 17-02-2022},
publisher   = {eCampusOntario}
}

@misc{Acoustics:Frequency_definition,
author          = {InformedHealth.org - Institute for Quality and Efficiency in Health Care},
title           = {Hearing loss and deafness: Normal hearing and impaired hearing},
year            = {2008},
note            = {\href{https://www.ncbi.nlm.nih.gov/books/NBK390300/}{\color{blue}link}},
addendum        = {Retrieved: 17-02-2022}
}

@article{Acoustics:Absorption,
title       = {A new simple method for determining the sound 
absorption coefficient},
author      = {Merab Chelidze},
publisher   = {EDP Sciences},
year        = {2018},
note        = {\href{https://doi.org/10.1051/matecconf/201821104003}{\color{blue}DOI}},
addendum    = {Retrieved: 22-02-2022}
}

@book{Acoustics:Audio_production,
title = {Audio Production Worktext : Concepts, Techniques, and Equipment.},
author = {Sauls, Samuel J.},
edition = {Ninth edition.},
isbn = {978-1-138-55700-0},
year = {2019},
addendum    = {Retrieved: 22-02-2022},
publisher = {Taylor \& Francis - Routledge},
}

@misc{Acoustics:Jespers_slides,
author          = {Jesper Rindom Jensen},
title           = {Robotic Sensing - Fundamentals of sound, audio aquisition, and processing for robots.},
year            = {2022},
location        = {Aalborg University},
type            = {Slideshow from the course Robotic Sensing, Lecture A2 - Fundamentals of sound.},
addendum        = {Retrieved: 22-02-2022}
}

@book{Acoustics_book_on_ribbon_microphone,
author          = {Rayburn, Ray},
title           = {Eargle's The Microphone Book: From Mono to Stereo to Surround - A Guide to Microphone Design and Application},
year            = {2011},
isbn            = {978-0-240-82075-0},
publisher       = {ELSEVIER - Routledge},
addendum        = {Retrieved: 24-02-2022}
}


%%%%%%%%%%%%%%%%%%%%%%%% END OF ACOUSTICS %%%%%%%%%%%%%%%%%%%%%%%%%%%%%%%%%%%

%%%%%%%%%%%%%%%%%%%%%%%%%%%%%%%%%%%ECHOLOCATION%%%%%%%%%%%%%%%%%%%%%%%%%%%%%%%%%%%%%%%%%%%%%
@book{Echolocation:Echolocation_behaviour,
title       = {Encyclopedia of Neuroscience},
author      = {A.D. Grinnell},
isbn        = {978-0-08-045046-9},
year        = {2009},
pages       = {791-800},
addendum    = {Retrieved: 16-02-2022},
publisher   = {Academic Press}
}

@book{Echolocation:Nature_shaped_echolocation,
title       = {How Nature Shaped Echolocation in Animals},
author      = {Mariana L. Melcón and Cynthia F. Moss},
isbn        = {978-2-88919-347-9},
year        = {2014},
addendum    = {Retrieved: 16-02-2022},
publisher   = {Frontiers Media SA}
}

@misc{Echolocation:Echolocation_bats,
author          = {SciToons},
title           = {Echolocation},
year            = {2016},
note            = {\href{https://www.youtube.com/watch?v=laeE4icRYp4}{\color{blue}link}},
addendum        = {Retrieved: 16-02-2022}
}

@article{Echolocation:Robat,
title       = {A fully autonomous terrestrial bat-like
acoustic robot},
author      = {Itamar Eliakim and Zahi Cohen and Gabor Kosa and Yossi Yovel},
publisher   = {Public Library of Science},
year        = {2018},
note        = {\href{http://dx.doi.org/10.1371/journal.pcbi.1006406}{\color{blue}DOI}},
addendum    = {Retrieved: 16-02-2022}
}

@article{Echolocation:Jesper_experiment,
title       = {A Model-based Approach to Acoustic Reflector Localization with a Robotic Platform},
author      = {Usama Saqib and Jesper Rindom Jensen},
publisher   = {IEEE Xplore},
year        = {2020},
note        = {\href{10.1109/IROS45743.2020.9341437}{\color{blue}DOI}},
addendum    = {Retrieved: 17-02-2022}
}

%%%%%%%%%%%%%%%%%%%%%%%%%% END OF ECHOLOCATION %%%%%%%%%%%%%%%%%%%%%%%%%%%%%%%%%

%%%%%%%%%%%%%%%%%%%%%%%%%%%%%%%%%%% SLAM %%%%%%%%%%%%%%%%%%%%%%%%%%%%%%%%%%%%%%%%%%%%

@book{SLAM:3D_SLAM,
title       = {3D Robotic Mapping},
author      = {Andreas Nüchter},
isbn        = {978-3-540-89883-2},
year        = {2009},
addendum    = {Retrieved: 24-02-2022},
publisher   = {Springer-Verlag}
}

@article{SLAM:ExtendedKalman_Particle,
title       = {SLAM algorithm applied to robotics assistance for navigation in unknown environments},
author      = {Fernando Cheein and Natalia Lopez and Carlos Soria and Fernando di Sciascio and Fernando Pereira and Ricardo Carelli},
publisher   = {Journal of Neuroengineering and Rehabilitation},
year        = {2010},
note        = {\href{doi:10.1186/1743-0003-7-10}{\color{blue}DOI}},
addendum    = {Retrieved: 24-02-2022}
}

%%%%%%%%%%%%%%%%%%%%%%%%%% END OF SLAM %%%%%%%%%%%%%%%%%%%%%%%%%%%%%%%%%

%%%%%%%%%%%%%%%%%%%%%%%%%%%%%%%%%%% PATH PLANNING %%%%%%%%%%%%%%%%%%%%%%%%%%%%%%%%%%%%%%

@book{PathPlanning:introduction_to_MR,
title       = {Introduction to Mobile Robot Control},
author      = {Spyros. G. Tzafestas},
pages       = {791-800},
isbn        = {978-0-12-417049-0},
year        = {2014},
addendum    = {Retrieved: 28-02-2022},
publisher   = {Elsevier Inc.}
}

@book{PathPlanning:Heuristic_Search,
title       = {Heuristic Search: Theory and Applications},
author      = {Stefan Edelkamp and Stefan Schrodl},
pages       = {791-800},
isbn        = {978-0-12-372512-7},
year        = {2012},
addendum    = {Retrieved: 02-03-2022},
publisher   = {Elsevier Inc.}
}

@article{PathPlanning:FundamentalSwarm,
title       = {Fundamental Collective Behaviors in Swarm Robotics},
author      = {Vito Trianni and Alexandre Campo},
pages       = {1377-1394},
year        = {2015},
month       = {01},
note        = {\href{10.1007/978-3-662-43505-2_71}{\color{blue}DOI}},
addendum    = {Retrieved: 04-03-2022}
}

%%%%%%%%%%%%%%%%%%%%%%%%%% END OF PATH PLANNING %%%%%%%%%%%%%%%%%%%%%%%%%%%%%%%%%

%%%%%%%%%%%%%%%%%%%%%%%%%% Swarm Robotics %%%%%%%%%%%%%%%%%%%%%%%%%%%%%%%%%

@misc{Swarm:SwarmRobotics,
author          = {Wikipedia},
title           = {Swarm robotics},
year            = {2022},
note            = {\href{https://en.wikipedia.org/wiki/Swarm_robotics}{\color{blue}link}},
addendum        = {Retrieved: 24-02-2022}
}

@article{Swarm:BehaviourAndApplications,
title       = {Swarm Robotic Behaviours and current Applications},
author      = {Melanie Schranz and Martina Umlauft and Micha Sende and Wilfried Elmenreich},
publisher   = {Front. Robot},
year        = {2020},
note        = {\href{10.3389/frobt.2020.00036}{\color{blue}DOI}},
addendum    = {Retrieved: 24-02-2022}
}

